@incollection {BC91,
    AUTHOR = {Boutot, J.-F. and Carayol, H.},
     TITLE = {Uniformisation {$p$}-adique des courbes de {S}himura: les
              th\'{e}or\`emes de \v{C}erednik et de {D}rinfeld},
      NOTE = {Courbes modulaires et courbes de Shimura (Orsay, 1987/1988)},
   JOURNAL = {Ast\'{e}risque},
  FJOURNAL = {Ast\'{e}risque},
    NUMBER = {196-197},
      YEAR = {1991},
     PAGES = {7, 45--158},
      ISSN = {0303-1179,2492-5926},
   MRCLASS = {11G18 (14G20 14G35)},
  MRNUMBER = {1141456},
MRREVIEWER = {Min\ Ho\ Lee},
}

@book {Ha77,
    AUTHOR = {Hartshorne, R.},
     TITLE = {Algebraic geometry},
    SERIES = {Graduate Texts in Mathematics},
    VOLUME = {No. 52},
 PUBLISHER = {Springer-Verlag, New York-Heidelberg},
      YEAR = {1977},
     PAGES = {xvi+496},
      ISBN = {0-387-90244-9},
   MRCLASS = {14-01},
  MRNUMBER = {463157},
MRREVIEWER = {Robert\ Speiser},
}

@book {Zi84,
    AUTHOR = {Zink, Thomas},
     TITLE = {Cartiertheorie kommutativer formaler {G}ruppen},
    SERIES = {Teubner-Texte zur Mathematik [Teubner Texts in Mathematics]},
    VOLUME = {68},
      NOTE = {With English, French and Russian summaries},
 PUBLISHER = {BSB B. G. Teubner Verlagsgesellschaft, Leipzig},
      YEAR = {1984},
     PAGES = {124},
   MRCLASS = {14L05},
  MRNUMBER = {767090},
MRREVIEWER = {Hans-J\"{u}rgen\ Schneider},
}

@book {Liu02,
    AUTHOR = {Liu, Qing},
     TITLE = {Algebraic geometry and arithmetic curves},
    SERIES = {Oxford Graduate Texts in Mathematics},
    VOLUME = {6},
      NOTE = {Translated from the French by Reinie Ern\'{e},
              Oxford Science Publications},
 PUBLISHER = {Oxford University Press, Oxford},
      YEAR = {2002},
     PAGES = {xvi+576},
      ISBN = {0-19-850284-2},
   MRCLASS = {14-01 (11G30 14A05 14A15 14Gxx 14Hxx)},
  MRNUMBER = {1917232},
MRREVIEWER = {C\'{\i}cero\ Carvalho},
}

@book {BS14,
    AUTHOR = {Bosch, Siegfried},
     TITLE = {Lectures on formal and rigid geometry},
    SERIES = {Lecture Notes in Mathematics},
    VOLUME = {2105},
 PUBLISHER = {Springer, Cham},
      YEAR = {2014},
     PAGES = {viii+254},
      ISBN = {978-3-319-04416-3; 978-3-319-04417-0},
   MRCLASS = {14G22 (11S85 14-02 14D15)},
  MRNUMBER = {3309387},
MRREVIEWER = {Alessandra\ Bertapelle},
       DOI = {10.1007/978-3-319-04417-0},
       URL = {https://doi.org/10.1007/978-3-319-04417-0},
}

@book {FvdP,
    AUTHOR = {Fresnel, Jean and van der Put, Marius},
     TITLE = {Rigid analytic geometry and its applications},
    SERIES = {Progress in Mathematics},
    VOLUME = {218},
 PUBLISHER = {Birkh\"{a}user Boston, Inc., Boston, MA},
      YEAR = {2004},
     PAGES = {xii+296},
      ISBN = {0-8176-4206-4},
   MRCLASS = {14G22 (30G06 30H05 32P05)},
  MRNUMBER = {2014891},
MRREVIEWER = {Lorenzo\ Ramero},
       DOI = {10.1007/978-1-4612-0041-3},
       URL = {https://doi.org/10.1007/978-1-4612-0041-3},
}

@article {SS91,
    AUTHOR = {Schneider, P. and Stuhler, U.},
     TITLE = {The cohomology of {$p$}-adic symmetric spaces},
   JOURNAL = {Invent. Math.},
  FJOURNAL = {Inventiones Mathematicae},
    VOLUME = {105},
      YEAR = {1991},
    NUMBER = {1},
     PAGES = {47--122},
      ISSN = {0020-9910,1432-1297},
   MRCLASS = {11F85 (14G20)},
  MRNUMBER = {1109620},
MRREVIEWER = {Gerd\ Faltings},
       DOI = {10.1007/BF01232257},
       URL = {https://doi.org/10.1007/BF01232257},
}

@Book{Li19,
  title = {代数学方法 (第一卷)},
  publisher = {北京: 高等教育出版社},
  year = {2019},
  series = {现代数学基础丛书},
  volume = {67.1},
  author = {{李文威}},
  isbn = {978-7-04-050725-6}
}

@book {Vo21,
    AUTHOR = {Voight, John},
     TITLE = {Quaternion algebras},
    SERIES = {Graduate Texts in Mathematics},
    VOLUME = {288},
 PUBLISHER = {Springer, Cham},
      YEAR = {[2021] \copyright 2021},
     PAGES = {xxiii+885},
      ISBN = {978-3-030-56692-0; 978-3-030-56694-4},
   MRCLASS = {11R52 (11-02 11E12 11F06 16H05 16U60 20H10)},
  MRNUMBER = {4279905},
MRREVIEWER = {Juliusz\ Brzezi\'{n}ski},
       DOI = {10.1007/978-3-030-56694-4},
       URL = {https://doi.org/10.1007/978-3-030-56694-4},
}

@article{vcerednik1976uniformization,
  title={Uniformization of algebraic curves by discrete arithmetic subgroups of {$\mathrm{PGL}_2(k_w)$} with compact quotients},
  author={{\v{C}}erednik, IV},
  journal={Mathematics of the USSR-Sbornik},
  volume={29},
  number={1},
  pages={55},
  year={1976},
  publisher={IOP Publishing}
}

@article{drinfel1976coverings,
  title={Coverings of p-adic symmetric regions},
  author={Drinfel'd, Vladimir G},
  journal={Functional Analysis and its Applications},
  volume={10},
  number={2},
  pages={107--115},
  year={1976},
  publisher={Springer}
}

@article{raynaud1974geometrie,
  title={G{\'e}om{\'e}trie analytique rigide d’apres Tate, Kiehl},
  author={Raynaud, Michel},
  journal={Table ronde d’analyse non archim{\'e}dienne (Paris, 1972)},
  pages={319--327},
  year={1974},
  publisher={Soc. Math. France Paris}
}