@misc{zywina2011explicitclassfieldtheory,
      title={Explicit Class Field Theory for global function fields}, 
      author={David Zywina},
      year={2011},
      eprint={1110.3779},
      archivePrefix={arXiv},
      primaryClass={math.NT},
      url={https://arxiv.org/abs/1110.3779}, 
}

@article{Ha74,
 ISSN = {00029947, 10886850},
 URL = {http://www.jstor.org/stable/1996848},
 abstract = {Developing an idea of Carlitz, I show how one can describe explicitly the maximal abelian extension of the rational function field over Fq (the finite field of q elements) and the action of the id√®le class group via the reciprocity law homomorphism. The theory is closely analogous to the classical theory of cyclotomic extensions of the rational numbers.},
 author = {D. R. Hayes},
 journal = {Transactions of the American Mathematical Society},
 pages = {77--91},
 publisher = {American Mathematical Society},
 title = {Explicit Class Field Theory for Rational Function Fields},
 urldate = {2025-03-09},
 volume = {189},
 year = {1974}
}

@book{goss2012basic,
  title={Basic structures of function field arithmetic},
  author={Goss, David},
  year={2012},
  publisher={Springer Science \& Business Media}
}